<record xmlns="http://www.loc.gov/MARC21/slim" xmlns:xsi="http://www.w3.org/2001/XMLSchema-instance" xsi:schemaLocation="http://www.loc.gov/MARC21/slim http://www.loc.gov/standards/marcxml/schema/MARC21slim.xsd"><leader>     nam a22        4500</leader><controlfield tag="001">3178924</controlfield><controlfield tag="003">NNC</controlfield><controlfield tag="006">m        d        </controlfield><controlfield tag="007">cr cn |||m|||a</controlfield><controlfield tag="008">150602s1914    xx      o     000 0 ara d</controlfield><datafield ind1=" " ind2=" " tag="040"><subfield code="a">NNU</subfield><subfield code="b">eng</subfield><subfield code="e">rda</subfield><subfield code="c">NNU</subfield></datafield><datafield ind1=" " ind2=" " tag="043"><subfield code="a">a-sy---</subfield></datafield><datafield ind1=" " ind2="4" tag="050"><subfield code="a">PJ6818</subfield><subfield code="b">.H35 1914</subfield></datafield><datafield ind1=" " ind2="4" tag="082"><subfield code="a">808.8</subfield></datafield><datafield ind1="1" ind2=" " tag="100"><subfield code="a">Harfouch, Joseph,</subfield><subfield code="d">1847-1921.</subfield></datafield><datafield ind1="1" ind2="2" tag="245"><subfield code="a">L'Arabe dialectal de Syrie.</subfield></datafield><datafield ind1=" " ind2=" " tag="250"><subfield code="a">2. e&#769;d.</subfield></datafield><datafield ind1=" " ind2=" " tag="260"><subfield code="a">Beyrouth,</subfield><subfield code="b">Imprimerie catholique,</subfield><subfield code="c">1914.</subfield></datafield><datafield ind1=" " ind2=" " tag="300"><subfield code="a">online resource (75 pages)</subfield></datafield><datafield ind1=" " ind2=" " tag="336"><subfield code="a">text</subfield><subfield code="2">rdacontent</subfield></datafield><datafield ind1=" " ind2=" " tag="337"><subfield code="a">computer</subfield><subfield code="2">rdamedia</subfield></datafield><datafield ind1=" " ind2=" " tag="338"><subfield code="a">online resource</subfield><subfield code="2">rdacarrier</subfield></datafield><datafield ind1=" " ind2=" " tag="500"><subfield code="a">On cover in Arabic script: Amthaalun wa muntakhabaatun bi'l lughati'l-aammyyati'l arabyyah.</subfield></datafield><datafield ind1=" " ind2=" " tag="500"><subfield code="a">Arabic text.</subfield></datafield><datafield ind1=" " ind2=" " tag="500"><subfield code="a">Dialectal Arabic of Syria.</subfield></datafield><datafield ind1=" " ind2=" " tag="500"><subfield code="a">Part of the Arabic Collections Online (ACO) project, contributed by Columbia University Libraries.</subfield></datafield><datafield ind1="0" ind2=" " tag="505"><subfield code="a">Partie I. Proverbes II. Recits III. Dialogues IV. Lettres de commerce -- V Annonces.</subfield></datafield><datafield ind1=" " ind2=" " tag="533"><subfield code="a">Electronic reproduction.</subfield><subfield code="b">New York, N.Y. :</subfield><subfield code="c">New York University,</subfield><subfield code="d">2015.</subfield><subfield code="5">NNU</subfield></datafield><datafield ind1=" " ind2="0" tag="650"><subfield code="a">Arabic language</subfield><subfield code="x">Dialects</subfield><subfield code="z">Syria.</subfield></datafield><datafield ind1=" " ind2="7" tag="650"><subfield code="a">Arabic language</subfield><subfield code="x">Dialects.</subfield><subfield code="2">fast</subfield><subfield code="0">(OCoLC)fst00812310</subfield></datafield><datafield ind1=" " ind2="7" tag="651"><subfield code="a">Syria.</subfield><subfield code="2">fast</subfield><subfield code="0">(OCoLC)fst01208757</subfield></datafield><datafield ind1="2" ind2=" " tag="710"><subfield code="a">Columbia University.</subfield><subfield code="b">Libraries.</subfield></datafield><datafield ind1="0" ind2=" " tag="730"><subfield code="a">Arabic Collections Online.</subfield></datafield><datafield ind1="0" ind2="8" tag="776"><subfield code="i">Online version:</subfield><subfield code="a">Harfouch, Joseph, 1847-1921.</subfield><subfield code="t">Arabe dialectal de Syrie.</subfield><subfield code="b">2. e&#769;d.</subfield><subfield code="d">Beyrouth, Imprimerie catholique, 1914</subfield><subfield code="w">(OCoLC)610282759</subfield></datafield><datafield ind1="0" ind2="8" tag="776"><subfield code="i">Print version:</subfield><subfield code="a">Harfouch, Joseph, 1847-1921.</subfield><subfield code="t">L'Arabe dialectal de Syrie</subfield><subfield code="w">(NNC)3178924</subfield><subfield code="w">(OCoLC)3602654</subfield></datafield><datafield ind1="4" ind2="0" tag="856"><subfield code="u">http://hdl.handle.net/2333.1/73n5tdg3</subfield></datafield><datafield ind1=" " ind2=" " tag="959"><subfield code="a">NNU</subfield><subfield code="b">WEB</subfield><subfield code="c">GENI</subfield><subfield code="t">0</subfield><subfield code="m">Electronic access</subfield><subfield code="s">01</subfield></datafield><datafield ind1=" " ind2=" " tag="999"><subfield code="i">NNC_3178924</subfield><subfield code="o">(OCoLC)ocm03602654</subfield><subfield code="s">columbia_aco000581</subfield><subfield code="e">(ERROR-880)</subfield><subfield code="s">columbia_aco000581</subfield></datafield></record>